
@incollection{Norman1991,
 author = {Norman, Donald A.},
 chapter = {Cognitive Artifacts},
 title = {Designing Interaction},
 year = {1991},
 editor = {Carroll, John M.},
 isbn = {0-521-40056-2},
 pages = {17--38},
 numpages = {22},
 url = {http://dl.acm.org/citation.cfm?id=120352.120354},
 acmid = {120354},
 publisher = {Cambridge University Press},
 address = {New York, NY, USA},
} 